<record><leader>00000cas a22000007a 4500</leader><controlfield tag="001">15061389</controlfield><controlfield tag="008">870113d19581984pauwr ne      0    0eng d</controlfield><datafield ind1=" " ind2=" " tag="010"><subfield code="a">sn 87079886 </subfield></datafield><datafield ind1=" " ind2=" " tag="040"><subfield code="a">NPH</subfield><subfield code="b">eng</subfield><subfield code="c">NPH</subfield><subfield code="d">OCLCQ</subfield></datafield><datafield ind1=" " ind2=" " tag="042"><subfield code="a">msc</subfield></datafield><datafield ind1="0" ind2="0" tag="245"><subfield code="a">Bedford County press and Everett press.</subfield></datafield><datafield ind1=" " ind2=" " tag="260"><subfield code="a">Everett, Pa. :</subfield><subfield code="b">Milton L. and Helen C. Barnett,</subfield><subfield code="c">1958-1984.</subfield></datafield><datafield ind1=" " ind2=" " tag="300"><subfield code="a">28 v. :</subfield><subfield code="b">ill. ;</subfield><subfield code="c">65 cm.</subfield></datafield><datafield ind1=" " ind2=" " tag="310"><subfield code="a">Weekly</subfield></datafield><datafield ind1="0" ind2=" " tag="362"><subfield code="a">Vol. 88, no. 1 (Jan. 3, 1958)-v. 116, no. 51 (Dec. 23, 1984).</subfield></datafield><datafield ind1=" " ind2=" " tag="752"><subfield code="a">United States</subfield><subfield code="b">Pennsylvania</subfield><subfield code="c">Bedford</subfield><subfield code="d">Everett.</subfield></datafield><datafield ind1="0" ind2="0" tag="780"><subfield code="t">Everett press (Everett, Pa. : 1893)</subfield><subfield code="w">(DLC)sn 85054804</subfield></datafield></record>